<?xml version='1.0' encoding='UTF-8'?>
<record xmlns="http://www.loc.gov/MARC21/slim">
  <leader>00757cam a22002175  4500</leader>
  <controlfield tag="001">2786649</controlfield>
  <controlfield tag="003">NjP</controlfield>
  <controlfield tag="005">20171013180858.0</controlfield>
  <controlfield tag="008">991115s1901    tu            000 0 ara d</controlfield>
  <datafield tag="024" ind1="7" ind2=" ">
    <subfield code="a">princeton_aco001717</subfield>
    <subfield code="2">local</subfield>
  </datafield>
  <datafield ind1=" " ind2=" " tag="035">
    <subfield code="a">(OCoLC)ocm42829730</subfield>
  </datafield>
  <datafield ind1=" " ind2=" " tag="035">
    <subfield code="9">CNJ5525TS</subfield>
  </datafield>
  <datafield ind1=" " ind2=" " tag="040">
    <subfield code="a">PUL</subfield>
    <subfield code="c">PUL</subfield>
  </datafield>
  <datafield ind1="1" ind2=" " tag="100">
    <subfield code="a">Nuqrahkār, ʻAbd Allāh ibn Muḥammad al-Ḥusaynī,</subfield>
    <subfield code="d">d. 1374.</subfield>
    <subfield code="0">http://id.loc.gov/authorities/names/n84227557</subfield>
  </datafield>
  <datafield ind1="0" ind2="0" tag="245">
    <subfield code="a">Shāfiyeh sharḥi sayyid ʻAbd Allāh.</subfield>
  </datafield>
  <datafield ind1=" " ind2=" " tag="260">
    <subfield code="a">Istanbul,</subfield>
    <subfield code="c">1319 [1901]</subfield>
  </datafield>
  <datafield ind1=" " ind2=" " tag="300">
    <subfield code="a">246 p.</subfield>
    <subfield code="c">25 cm.</subfield>
  </datafield>
  <datafield ind1=" " ind2=" " tag="500">
    <subfield code="a">In Arabic.</subfield>
  </datafield>
  <datafield ind1=" " ind2=" " tag="590">
    <subfield code="a">Photocopy.</subfield>
  </datafield>
  <datafield ind1="2" ind2="0" tag="600">
    <subfield code="a">Ibn al-Ḥājib, ʻUthmān ibn ʻUmar,</subfield>
    <subfield code="d">1175-1249.</subfield>
    <subfield code="t">al-Shāfiyah.</subfield>
  </datafield>
  <datafield ind1=" " ind2=" " tag="945">
    <subfield code="a">F</subfield>
    <subfield code="b">1</subfield>
    <subfield code="c">2271.40883.838</subfield>
  </datafield>
  <datafield ind1=" " ind2=" " tag="911">
    <subfield code="a">20000130</subfield>
  </datafield>
  <datafield ind1="0" ind2="0" tag="852">
    <subfield code="0">3097609</subfield>
    <subfield code="b">nec</subfield>
    <subfield code="t">1</subfield>
    <subfield code="h">KBP320.I25</subfield>
    <subfield code="i">A37 1901</subfield>
  </datafield>
  <datafield ind1="8" ind2="0" tag="852">
    <subfield code="0">3543256</subfield>
    <subfield code="b">rcppf</subfield>
    <subfield code="h">MICROFILM 02466</subfield>
    <subfield code="x">tr fr flm</subfield>
  </datafield>
  <datafield ind1=" " ind2=" " tag="959">
    <subfield code="a">2006-10-06 09:11:48 -0500</subfield>
  </datafield>
</record>
